<?xml version="1.0" encoding="UTF-8"?><collection xmlns="http://www.loc.gov/MARC21/slim"><record><leader>00589nam--2200193-i-4500</leader><controlfield tag="001">000039279</controlfield><controlfield tag="002">20161230</controlfield><controlfield tag="005">20161230201042</controlfield><controlfield tag="008">060222s1000------------r-----000-0-rum-d</controlfield><datafield ind1=" " ind2=" " tag="040"><subfield code="a">IFIN-HH</subfield></datafield><datafield ind1=" " ind2=" " tag="041"><subfield code="a">rum</subfield></datafield><datafield ind1=" " ind2=" " tag="080"><subfield code="a">539.9.001:538.91(043)</subfield></datafield><datafield ind1="1" ind2=" " tag="100"><subfield code="a">Vamanu, Dan V</subfield></datafield><datafield ind1="1" ind2="0" tag="245"><subfield code="a">Contributii la studiul excitatiilor elementare in retelele cristaline ale solidelor reale</subfield><subfield code="b">Teza</subfield><subfield code="c">Dan v. vamanu</subfield></datafield><datafield ind1=" " ind2=" " tag="260"><subfield code="a">Bucuresti</subfield><subfield code="b">Csen</subfield><subfield code="c">1978</subfield></datafield><datafield ind1=" " ind2=" " tag="300"><subfield code="a">198P.+BIBL</subfield></datafield><datafield ind1=" " ind2=" " tag="502"><subfield code="a">Conducator Stiintific: Prof.Dr.Doc. Aretin Corciovei</subfield></datafield><datafield ind1=" " ind2=" " tag="852"><subfield code="a">46588</subfield><subfield code="c">539.2</subfield></datafield><datafield ind1=" " ind2=" " tag="CAT"><subfield code="a">Sys</subfield><subfield code="c">20121030</subfield><subfield code="h">145827</subfield></datafield></record></collection>